<?xml version="1.0" encoding="UTF-8"?><collection xmlns="http://www.loc.gov/MARC21/slim"><record><leader>00426nam--2200133-i-4500</leader><controlfield tag="001">000017772</controlfield><controlfield tag="002">20161230</controlfield><controlfield tag="005">20161230201032</controlfield><controlfield tag="008">060222s1000------------r-----000-0-eng-d</controlfield><datafield ind1=" " ind2=" " tag="080"><subfield code="a">541 5(048 6:042 3)</subfield></datafield><datafield ind1=" " ind2=" " tag="245"><subfield code="a">A-76 : exploring the chemichal bond new developements amsterdam, 30 august-1 september 1976</subfield></datafield><datafield ind1=" " ind2=" " tag="260"><subfield code="a">Amsterdam, European Physical Society, 1976 58p</subfield></datafield><datafield ind1=" " ind2=" " tag="490"><subfield code="a">Europhysics Conference Abstracts</subfield></datafield><datafield ind1=" " ind2=" " tag="852"><subfield code="a">43892</subfield></datafield></record></collection>